% % % % % % % % % %
%
% References
%
% % % % % % % % % %

% Examples (replace the % with "at symbol")

% %book{mano1979,
%     title = {Digital Logic and Computer Design},
%     author = {Morris M. Mano},
%     year = {1979},
%     publisher = {Prentice-Hall}
%  }
 
% %article{telor2015,
%     title = {Rangkaian Ripple Carry Adder},
%     author = {Kerak Telor},
%     year = {2015},
%     url = {http://kerax-telor.blogspot.com/2015/11/rangkaian-ripper-carry-adder.html}
% }